@article{Albert1999,
annote = {10.1038/43601},
author = {Albert, Reka and Jeong, Hawoong and Barabasi, Albert-Laszlo},
issn = {0028-0836},
journal = {Nature},
month = sep,
number = {6749},
pages = {130--131},
title = {{Internet: Diameter of the World-Wide Web}},
url = {http://dx.doi.org/10.1038/43601},
volume = {401},
year = {1999}
}
@article{md_firstpub,
author = {Alder, B J and Wainwright, T E},
journal = {J. Chem. Phys.},
pages = {1208--1209},
title = {{Phase transition for a hard sphere system}},
volume = {27},
year = {1957}
}
@article{md_fragmentation_astrom2006,
author = {\AA str\"{o}m, J A},
journal = {Advances in Physics},
pages = {247--278},
title = {{Statistical models of brittle fragmentation}},
volume = {55},
year = {2006}
}
@article{powerlaws_chessopening_blasius2009,
author = {Blasius, Bernd and Tonjes, Ralf},
doi = {10.1103/PhysRevLett.103.218701},
journal = {Phys. Rev. Lett.},
number = {November},
title = {{Zipf's Law in the Popularity Distribution of Chess Openings}},
volume = {103},
year = {2009}
}
@article{Curtin1998,
author = {Curtin, W a.},
doi = {10.1103/PhysRevLett.80.1445},
issn = {0031-9007},
journal = {Phys. Rev. Lett.},
month = feb,
number = {7},
pages = {1445--1448},
title = {{Size Scaling of Strength in Heterogeneous Materials}},
url = {http://link.aps.org/doi/10.1103/PhysRevLett.80.1445},
volume = {80},
year = {1998}
}
@article{fbm_bundlestrengthsI_daniels1945,
author = {Daniels, H E},
doi = {10.1098/rspa.1945.0011},
issn = {1364-5021},
journal = {Proceedings of the Royal Society A: Mathematical, Physical and Engineering Sciences},
month = jun,
number = {995},
pages = {405--435},
title = {{The Statistical Theory of the Strength of Bundles of Threads. I}},
url = {http://rspa.royalsocietypublishing.org/cgi/doi/10.1098/rspa.1945.0011},
volume = {183},
year = {1945}
}
@article{fbm_discontinuity_divakaran2007,
author = {Divakaran, Uma and Dutta, Amit},
doi = {10.1103/PhysRevE.75.011117},
journal = {Phys. Rev. E},
month = jan,
number = {1},
pages = {11117},
publisher = {American Physical Society},
title = {{Effect of discontinuity in the threshold distribution on the critical behavior of a random fiber bundle}},
volume = {75},
year = {2007}
}
@article{fbm_mixedweibull_divakaran2007,
author = {Divakaran, Uma and Dutta, Amit},
doi = {10.1103/PhysRevE.75.011109},
journal = {Phys. Rev. E},
month = jan,
number = {1},
pages = {11109},
publisher = {American Physical Society},
title = {{Critical behavior of random fibers with mixed Weibull distribution}},
volume = {75},
year = {2007}
}
@book{distribution_stat2000,
editor = {Fazekas, I},
publisher = {Kossuth Egyetemi Kiad\'{o}},
title = {{Bevezet\'{e}s a matematikai statisztik\'{a}ba}},
year = {2000}
}
@book{distribution_valseg,
author = {Fazekas, Istv\'{a}n},
publisher = {Debreceni Egyetem},
title = {{Val\'{o}sz\'{\i}nűs\'{e}gsz\'{a}m\'{\i}t\'{a}s}},
year = {2000}
}
@article{distributions_weibull_frechet1927,
author = {Fr\'{e}chet, Maurice},
journal = {Annales de la Soci\'{e}t\'{e} Polonaise de Mathematique},
pages = {93--116},
title = {{Sur la loi de probabilit\'{e} de l'\'{e}cart maximum}},
volume = {6},
year = {1927}
}
@book{md_understanding2002,
author = {Frenkel, Daan and Smit, Berend},
publisher = {Academic Press},
title = {{Understanding Molecular Simulation: From Algorithms to Application}},
year = {2002}
}
@article{powerlaws_problemwpowerlaws_goldstein2004,
author = {Goldstein, M L and Morris, S A and Yen, G G},
journal = {Eur. Phys. J. B},
pages = {255--258},
title = {{Problems with fitting to the power-law distribution}},
volume = {41},
year = {2004}
}
@article{powerlaws_bipartitenets_guillaume2004,
author = {Guillaume, Jean-Loup and Latapy, Matthieu},
doi = {10.1016/j.ipl.2004.03.007},
issn = {0020-0190},
journal = {Information Processing Letters},
keywords = {Graphs},
number = {5},
pages = {215--221},
title = {{Bipartite structure of all complex networks}},
url = {http://www.sciencedirect.com/science/article/pii/S0020019004000754},
volume = {90},
year = {2004}
}
@article{powerlaws_earthquake_gutenberg1944,
author = {Gutenberg, B and Richter, R F},
journal = {Bulletin of the Seismological Society of America},
pages = {185--188},
title = {{Frequency of earthquakes in California}},
volume = {4},
year = {1944}
}
@article{md_mdintro_Jabba2006,
author = {Jabbarzadeh, A and Tanner, R I},
journal = {Rheology Reviews},
pages = {165--216},
title = {{Molecular Dynamics Simulation and its Application to Nano-Rheology}},
year = {2006}
}
@article{powerlaws_metabolicnetworks_jeong2000,
annote = {10.1038/35036627},
author = {Jeong, H and Tombor, B and Albert, R and Oltvai, Z N and Barabasi, A.-L.},
issn = {0028-0836},
journal = {Nature},
month = oct,
number = {6804},
pages = {651--654},
title = {{The large-scale organization of metabolic networks}},
url = {http://dx.doi.org/10.1038/35036627 http://www.nature.com/nature/journal/v407/n6804/suppinfo/407651a0\_S1.html},
volume = {407},
year = {2000}
}
@book{md_szamfiz,
author = {Kun, Ferenc},
publisher = {Debreceni Egyetem, Elm\'{e}leti Fizikia Tansz\'{e}k},
title = {{Sz\'{a}m\'{\i}t\'{o}g\'{e}pes fizika k\'{e}zirat}},
year = {2001}
}
@article{powerlaws_webofsexcont_liljeros2001,
author = {Liljeros, Fredrik and Edling, Christofer R and Amaral, Lu\'{\i}s A Nunes and Stanley, H Eugene and \AA berg, Yvonne},
journal = {Nature},
pages = {907},
title = {{The web of human sexual contacts}},
volume = {411},
year = {2001}
}
@inbook{powerlaws_mooncrater_neukum1994,
author = {Neukum, G and Ivanov, B A},
chapter = {Crater size distributions and impact probabilities on Earth from lunar, terrestialplanet, and asteroid cratering data.},
editor = {Gehrels, T},
pages = {359--416},
publisher = {University of Arizona Press},
title = {{Hazards Due to Comets and Asteroids}},
year = {1994}
}
@inbook{fbm_exp_phoenix2000,
author = {Phoenix, S L and Beyerlein, Irene J},
chapter = {1.19},
editor = {Kelly, Anthony and Zweben, Carl},
pages = {559--636},
publisher = {Elsevier},
title = {{Comprehensive Composite Materials}},
year = {2000}
}
@article{fbm_exp_phoenix1978,
author = {Phoenix, S Leigh},
journal = {International Journal of Fracture},
pages = {327--344},
title = {{Stochastic strentgh and fatigue of fiber bundles}},
volume = {14},
year = {1978}
}
@article{fbm_lowercutoffthresholds_pradhan2005,
author = {Pradhan, Srutarshi and Hansen, Alex},
doi = {10.1103/PhysRevE.72.026111},
journal = {Phys. Rev. E},
month = aug,
number = {2},
pages = {26111},
publisher = {American Physical Society},
title = {{Failure properties of loaded fiber bundles having a lower cutoff in fiber threshold distribution}},
volume = {72},
year = {2005}
}
@article{fbm_crossoverbehav_pradhan2006,
author = {Pradhan, Srutarshi and Hansen, Alex and Hemmer, Per C},
doi = {10.1103/PhysRevE.74.016122},
journal = {Phys. Rev. E},
month = jul,
number = {1},
pages = {16122},
publisher = {American Physical Society},
title = {{Crossover behavior in failure avalanches}},
volume = {74},
year = {2006}
}
@article{fbm_crossoverinburstavalanches_pradhan2005,
author = {Pradhan, Srutarshi and Hansen, Alex and Hemmer, Per C},
doi = {10.1103/PhysRevLett.95.125501},
journal = {Phys. Rev. Lett.},
month = sep,
number = {12},
pages = {125501},
publisher = {American Physical Society},
title = {{Crossover Behavior in Burst Avalanches: Signature of Imminent Failure}},
volume = {95},
year = {2005}
}
@article{fbm_raischel2006,
author = {Raischel, Frank and Kun, Ferenc and Herrmann, H J},
doi = {10.1103/PhysRevE.74.035104},
journal = {Phys. Rev. E},
month = sep,
number = {3},
pages = {35104},
title = {{Local load sharing ﬁber bundles with a lower cutoff of strength disorder}},
url = {http://link.aps.org/doi/10.1103/PhysRevE.74.035104},
volume = {74},
year = {2006}
}
@article{powerlaws_citationdistribution_redner1998,
author = {Redner, Sidney},
journal = {European Physical Journal B},
pages = {131--134},
title = {{How popular is your paper? An empirical study of the citation distribution}},
volume = {4},
year = {1998}
}
@article{distributions_weibull_rosin1933,
author = {Rosin, P and Rammler, E},
journal = {Journal of the Institute of Fuel},
pages = {29--36},
title = {{The Laws Governing the Fineness of Powdered Coal}},
volume = {7},
year = {1933}
}
@book{introd_simonyi1998,
author = {Simonyi, K\'{a}roly},
publisher = {Akad\'{e}miai Kiad\'{o}},
title = {{A fizika kult\'{u}rt\"{o}rt\'{e}nete a kezdetektől 1990-ig}},
year = {1998}
}
@article{stoop_2008,
author = {Stoop, N and Wittel, F K and Herrmann, H J},
journal = {Phys. Rev. Lett.},
pages = {94101},
title = {{Morphological Phases of Crumpled Wire}},
volume = {101},
year = {2008}
}
@book{nummat_gisbert,
author = {Stoyan, Gisbert and Tak\'{o}, Galina},
publisher = {Typotex},
title = {{Numerikus M\'{o}dszerek I.}},
year = {2002}
}
@book{nummat2_gisbert,
author = {Stoyan, Gisbert and Tak\'{o}, Galina},
publisher = {Typotex},
title = {{Numerikus M\'{o}dszerek II.}},
year = {1995}
}
@article{distributions_weibull1951,
author = {Weibull, Waloddi},
journal = {Journal of Applied Mechanics},
pages = {293--297},
title = {{A Statistical Distribution Function of Wide Applicability}},
volume = {18},
year = {1951}
}
@article{distributions_weibull1939,
author = {Weibull, Waloddi},
journal = {Ingeni\"{o}rvetenskapsakademiens},
pages = {1--45},
title = {{A Statistical Theory of the Strength of Materials}},
volume = {151},
year = {1939}
}
@book{comphys_woolfsonpert1999,
author = {Woolfson, M M and Pert, G J},
publisher = {Oxford University Press},
title = {{An Intriduction to Computer Simulation}},
year = {1999}
}
