@article{Albert1999,
annote = {10.1038/43601

This can be used as whatever....},
author = {Albert, Reka and Jeong, Hawoong and Barabasi, Albert-Laszlo},
issn = {0028-0836},
journal = {Nature},
month = sep,
number = {6749},
pages = {130--131},
title = {{Internet: Diameter of the World-Wide Web}},
url = {http://dx.doi.org/10.1038/43601},
volume = {401},
year = {1999}
}
