@ARTICLE{powerlaws_www_albert1999,
  author = {Albert, Reka and Jeong, Hawoong and Barabasi, Albert-Laszlo},
  title = {Internet: Diameter of the World-Wide Web},
  journal = {Nature},
  year = {1999},
  volume = {401},
  pages = {130--131},
  number = {6749},
  month = sep,
  annote = {10.1038/43601},
  issn = {0028-0836},
  owner = {koko},
  timestamp = {2012.06.10},
  url = {http://dx.doi.org/10.1038/43601}
}
@ARTICLE{md_firstpub,
  author = {Alder, B. J. and Wainwright, T. E.},
  title = {Phase transition for a hard sphere system},
  journal = {J. Chem. Phys.},
  year = {1957},
  volume = {27},
  pages = {1208-1209},
  owner = {koko},
  timestamp = {2013.02.05}
}
@ARTICLE{md_fragmentation_astrom2006,
  author = {J. A. Åström},
  title = {Statistical models of brittle fragmentation},
  journal = {Advances in Physics},
  year = {2006},
  volume = {55},
  pages = {247-278},
  owner = {koko},
  timestamp = {2012.11.14}
}
@ARTICLE{powerlaws_chessopening_blasius2009,
  author = {Blasius, Bernd and Tonjes, Ralf},
  title = {Zipf's Law in the Popularity Distribution of Chess Openings},
  journal = {Phys. Rev. Lett.},
  year = {2009},
  volume = {103},
  number = {November},
  doi = {10.1103/PhysRevLett.103.218701},
  file = {:Users/koko/Library/Application Support/Mendeley Desktop/Downloaded/Blasius, To - 2009 - Zipf ‚Äô s Law in the Popularity Distribution of Chess Openings.pdf:pdf},
  owner = {koko},
  timestamp = {2012.06.10}
}
@ARTICLE{Curtin1998,
  author = {Curtin, W. a.},
  title = {Size Scaling of Strength in Heterogeneous Materials},
  journal = {Phys. Rev. Lett.},
  year = {1998},
  volume = {80},
  pages = {1445--1448},
  number = {7},
  month = feb,
  doi = {10.1103/PhysRevLett.80.1445},
  file = {:Users/koko/Library/Application Support/Mendeley Desktop/Downloaded/Curtin - 1998 - Size Scaling of Strength in Heterogeneous Materials.pdf:pdf},
  issn = {0031-9007},
  owner = {koko},
  timestamp = {2012.06.10},
  url = {http://link.aps.org/doi/10.1103/PhysRevLett.80.1445}
}
@ARTICLE{fbm_bundlestrengthsI_daniels1945,
  author = {Daniels, H. E.},
  title = {The Statistical Theory of the Strength of Bundles of Threads. I},
  journal = {Proceedings of the Royal Society A: Mathematical, Physical and Engineering
	Sciences},
  year = {1945},
  volume = {183},
  pages = {405--435},
  number = {995},
  month = jun,
  doi = {10.1098/rspa.1945.0011},
  file = {:Users/koko/Library/Application Support/Mendeley Desktop/Downloaded/Daniels - 1945 - The Statistical Theory of the Strength of Bundles of Threads. I.pdf:pdf},
  issn = {1364-5021},
  owner = {koko},
  timestamp = {2012.06.10},
  url = {http://rspa.royalsocietypublishing.org/cgi/doi/10.1098/rspa.1945.0011}
}
@ARTICLE{fbm_discontinuity_divakaran2007,
  author = {Divakaran, Uma and Dutta, Amit},
  title = {Effect of discontinuity in the threshold distribution on the critical
	behavior of a random fiber bundle},
  journal = {Phys. Rev. E},
  year = {2007},
  volume = {75},
  pages = {011117},
  number = {1},
  month = {Jan},
  doi = {10.1103/PhysRevE.75.011117},
  numpages = {6},
  publisher = {American Physical Society}
}
@ARTICLE{fbm_mixedweibull_divakaran2007,
  author = {Divakaran, Uma and Dutta, Amit},
  title = {Critical behavior of random fibers with mixed Weibull distribution},
  journal = {Phys. Rev. E},
  year = {2007},
  volume = {75},
  pages = {011109},
  number = {1},
  month = {Jan},
  doi = {10.1103/PhysRevE.75.011109},
  numpages = {5},
  publisher = {American Physical Society}
}
@BOOK{distribution_valseg,
  title = {Valószínűségszámítás},
  publisher = {Debreceni Egyetem},
  year = {2000},
  author = {Fazekas, István},
  owner = {koko},
  timestamp = {2012.11.11}
}
@ARTICLE{distributions_weibull_frechet1927,
  author = {Fréchet, Maurice},
  title = {Sur la loi de probabilité de l'écart maximum},
  journal = {Annales de la Société Polonaise de Mathematique},
  year = {1927},
  volume = {6},
  pages = {93-116},
  owner = {koko},
  timestamp = {2013.02.04}
}
@BOOK{md_understanding2002,
  title = {Understanding Molecular Simulation: From Algorithms to Application},
  publisher = {Academic Press},
  year = {2002},
  author = {Daan Frenkel and Berend Smit},
  owner = {koko},
  timestamp = {2013.03.13}
}
@ARTICLE{powerlaws_problemwpowerlaws_goldstein2004,
  author = {Goldstein, M.L. and Morris, S.A. and Yen, G.G.},
  title = {Problems with fitting to the power-law distribution},
  journal = {Eur. Phys. J. B},
  year = {2004},
  volume = {41},
  pages = {255-258},
  owner = {koko},
  timestamp = {2012.06.10}
}
@ARTICLE{powerlaws_bipartitenets_guillaume2004,
  author = {Jean-Loup Guillaume and Matthieu Latapy},
  title = {Bipartite structure of all complex networks},
  journal = {Information Processing Letters},
  year = {2004},
  volume = {90},
  pages = {215 - 221},
  number = {5},
  __markedentry = {[koko:]},
  doi = {10.1016/j.ipl.2004.03.007},
  issn = {0020-0190},
  keywords = {Graphs},
  owner = {koko},
  timestamp = {2012.06.10},
  url = {http://www.sciencedirect.com/science/article/pii/S0020019004000754}
}
@ARTICLE{powerlaws_earthquake_gutenberg1944,
  author = {Gutenberg, B. and Richter, R. F.},
  title = {Frequency of earthquakes in California},
  journal = {Bulletin of the Seismological Society of America},
  year = {1944},
  volume = {4},
  pages = {185-188},
  owner = {koko},
  timestamp = {2012.06.10}
}
@ARTICLE{md_mdintro_Jabba2006,
  author = {A. Jabbarzadeh and R. I. Tanner},
  title = {Molecular Dynamics Simulation and its Application to Nano-Rheology},
  journal = {Rheology Reviews},
  year = {2006},
  pages = {165-216},
  owner = {koko},
  timestamp = {2013.02.04}
}
@ARTICLE{powerlaws_metabolicnetworks_jeong2000,
  author = {Jeong, H and Tombor, B and Albert, R and Oltvai, Z N and Barabasi,
	A.-L.},
  title = {The large-scale organization of metabolic networks},
  journal = {Nature},
  year = {2000},
  volume = {407},
  pages = {651--654},
  number = {6804},
  month = oct,
  __markedentry = {[koko:]},
  annote = {10.1038/35036627},
  issn = {0028-0836},
  owner = {koko},
  timestamp = {2012.06.10},
  url = {http://dx.doi.org/10.1038/35036627 http://www.nature.com/nature/journal/v407/n6804/suppinfo/407651a0\_S1.html}
}
@BOOK{md_szamfiz,
  title = {Számítógépes fizika kézirat},
  publisher = {Debreceni Egyetem, Elméleti Fizikia Tanszék},
  year = {2001},
  author = {Ferenc Kun},
  owner = {koko},
  timestamp = {2013.02.04}
}
@ARTICLE{powerlaws_webofsexcont_liljeros2001,
  author = {Liljeros, Fredrik and Edling, Christofer R. and Amaral, Luís A. Nunes
	and Stanley, H. Eugene and Åberg, Yvonne},
  title = {The web of human sexual contacts},
  journal = {Nature},
  year = {2001},
  volume = {411},
  pages = {907},
  owner = {koko},
  timestamp = {2012.06.10}
}
@INBOOK{powerlaws_mooncrater_neukum1994,
  chapter = {Crater size distributions and impact probabilities on Earth from
	lunar, terrestialplanet, and asteroid cratering data.},
  pages = {359-416},
  title = {Hazards Due to Comets and Asteroids},
  publisher = {University of Arizona Press},
  year = {1994},
  editor = {Gehrels, T.},
  author = {Neukum, G. and Ivanov, B. A.},
  owner = {koko},
  timestamp = {2012.06.10}
}
@ARTICLE{fbm_exp_phoenix1978,
  author = {S. Leigh Phoenix},
  title = {Stochastic strentgh and fatigue of fiber bundles},
  journal = {International Journal of Fracture},
  year = {1978},
  volume = {14},
  pages = {327-344},
  owner = {koko},
  timestamp = {2013.02.04}
}
@INBOOK{fbm_exp_phoenix2000,
  chapter = {1.19},
  pages = {559-636},
  title = {Comprehensive Composite Materials},
  publisher = {Elsevier},
  year = {2000},
  editor = {Anthony Kelly and Carl Zweben},
  author = {S. L. Phoenix and Irene J. Beyerlein},
  owner = {koko},
  timestamp = {2013.02.04}
}
@ARTICLE{fbm_lowercutoffthresholds_pradhan2005,
  author = {Pradhan, Srutarshi and Hansen, Alex },
  title = {Failure properties of loaded fiber bundles having a lower cutoff
	in fiber threshold distribution},
  journal = {Phys. Rev. E},
  year = {2005},
  volume = {72},
  pages = {026111},
  number = {2},
  month = {Aug},
  doi = {10.1103/PhysRevE.72.026111},
  numpages = {7},
  publisher = {American Physical Society}
}
@ARTICLE{fbm_crossoverbehav_pradhan2006,
  author = {Pradhan, Srutarshi and Hansen, Alex and Hemmer, Per C.},
  title = {Crossover behavior in failure avalanches},
  journal = {Phys. Rev. E},
  year = {2006},
  volume = {74},
  pages = {016122},
  number = {1},
  month = {Jul},
  doi = {10.1103/PhysRevE.74.016122},
  numpages = {9},
  publisher = {American Physical Society}
}
@ARTICLE{fbm_crossoverinburstavalanches_pradhan2005,
  author = {Pradhan, Srutarshi and Hansen, Alex and Hemmer, Per C.},
  title = {Crossover Behavior in Burst Avalanches: Signature of Imminent Failure},
  journal = {Phys. Rev. Lett.},
  year = {2005},
  volume = {95},
  pages = {125501},
  number = {12},
  month = {Sep},
  doi = {10.1103/PhysRevLett.95.125501},
  numpages = {4},
  publisher = {American Physical Society}
}
@ARTICLE{fbm_raischel2006,
  author = {Raischel, Frank and Kun, Ferenc and Herrmann, H. J.},
  title = {Local load sharing ﬁber bundles with a lower cutoff of strength disorder},
  journal = {Phys. Rev. E},
  year = {2006},
  volume = {74},
  pages = {035104},
  month = {Sep},
  doi = {10.1103/PhysRevE.74.035104},
  issue = {3},
  owner = {koko},
  timestamp = {2012.06.10},
  url = {http://link.aps.org/doi/10.1103/PhysRevE.74.035104}
}
@ARTICLE{powerlaws_citationdistribution_redner1998,
  author = {Redner, Sidney},
  title = {How popular is your paper? An empirical study of the citation	distribution},
  journal = {European Physical Journal B},
  year = {1998},
  volume = {4},
  pages = {131-134},
  owner = {koko},
  timestamp = {2012.06.10}
}
@ARTICLE{distributions_weibull_rosin1933,
  author = {Rosin, P. and Rammler, E.},
  title = {The Laws Governing the Fineness of Powdered Coal},
  journal = {Journal of the Institute of Fuel},
  year = {1933},
  volume = {7},
  pages = {29-36},
  owner = {koko},
  timestamp = {2013.02.04}
}
@BOOK{introd_simonyi1998,
  title = {A fizika kultúrtörténete a kezdetektől 1990-ig},
  publisher = {Akadémiai Kiadó},
  year = {1998},
  author = {Károly Simonyi},
  owner = {koko},
  timestamp = {2013.02.02}
}
@ARTICLE{stoop_2008,
  author = {Stoop, N. and Wittel, F. K. and Herrmann, H. J.},
  title = {Morphological Phases of Crumpled Wire},
  journal = {Phys. Rev. Lett.},
  year = {2008},
  volume = {101},
  pages = {094101},
  owner = {koko},
  timestamp = {2013.02.07}
}
@BOOK{nummat_gisbert,
  title = {Numerikus Módszerek I.},
  publisher = {Typotex},
  year = {2002},
  author = {Gisbert Stoyan and Galina Takó},
  owner = {koko},
  timestamp = {2013.02.05}
}
@BOOK{nummat2_gisbert,
  title = {Numerikus Módszerek II.},
  publisher = {Typotex},
  year = {1995},
  author = {Gisbert Stoyan and Galina Takó},
  owner = {koko},
  timestamp = {2013.02.05}
}
@ARTICLE{distributions_weibull1951,
  author = {Weibull, Waloddi},
  title = {A Statistical Distribution Function of Wide Applicability},
  journal = {Journal of Applied Mechanics},
  year = {1951},
  volume = {18},
  pages = {293-297},
  owner = {koko},
  timestamp = {2012.06.12}
}
@ARTICLE{distributions_weibull1939,
  author = {Weibull, Waloddi},
  title = {A Statistical Theory of the Strength of Materials},
  journal = {Ingeniörvetenskapsakademiens},
  year = {1939},
  volume = {151},
  pages = {1-45},
  owner = {koko},
  timestamp = {2012.06.12}
}
@BOOK{comphys_woolfsonpert1999,
  title = {An Intriduction to Computer Simulation},
  publisher = {Oxford University Press},
  year = {1999},
  author = {Woolfson, M. M. and Pert, G. J.},
  owner = {koko},
  timestamp = {2012.12.04}
}
@BOOK{distribution_stat2000,
  title = {Bevezetés a matematikai statisztikába},
  publisher = {Kossuth Egyetemi Kiadó},
  year = {2000},
  editor = {Fazekas, I.},
  owner = {koko},
  timestamp = {2013.02.03}
}
